@misc{intro-serials,
  title        = {Левада-Центр : Досуг и развлечения [Электронный ресурс]},
  url          = {https://www.levada.ru/2019/07/01/dosug-i-razvlecheniya/},
  year         = {2019},
  urldate      = {2024-03-08}
}

@misc{shikimori,
  title        = {Шикимори - энциклопедия аниме и манги [Электронный ресурс]},
  url          = {https://shikimori.one/},
  urldate      = {2024-03-08}
}

@misc{tvguru,
  title        = {TVGuru – новости сериалов, сенсации, трейлеры и обзоры новинок [Электронный ресурс]},
  url          = {https://tvguru.ru/},
  urldate      = {2024-03-08}
}

@misc{myshows,
  title        = {Рейтинг сериалов: список сериалов на MyShows.me [Электронный ресурс]},
  url          = {https://myshows.me/},
  urldate      = {2024-03-08}
}

@misc{kinorium,
  title        = {Кинориум [Электронный ресурс]},
  url          = {https://ru.kinorium.com/},
  urldate      = {2024-03-08}
}

@book{db-models,
  title={Базы данных},
  author={Гущин, Александр Николаевич},
  year={2015},
  publisher={Directmedia}
}

@book{model-def,
  title={Базы данных. Учебное пособие},
  author={Карпова, Ирина Петровна},
  year={2021},
  publisher={" Издательский дом"" Питер"""}
}

@misc{hierarchical,
  title        = {Иерархическая модель данных [Электронный ресурс]},
  url          = {https://dit.isuct.ru/IVT/BOOKS/DBMS/DBMS14/ch_3_1.html},
  urldate      = {2024-03-12}
}

@misc{network,
  title        = {Сетевая модель данных [Электронный ресурс]},
  url          = {https://dit.isuct.ru/IVT/BOOKS/DBMS/DBMS14/ch_3_2.html},
  urldate      = {2024-03-12}
}

@misc{rel-properties,
  title        = {Организация данных в реляционной модели [Электронный ресурс]},
  url          = {https://dit.isuct.ru/IVT/BOOKS/DBMS/DBMS14/ch_4_1.html},
  urldate      = {2024-03-12}
}

@misc{rel-restricts,
  title        = {Ограничения целостности в реляционной модели данных [Электронный ресурс]},
  url          = {https://dit.isuct.ru/IVT/BOOKS/DBMS/DBMS14/ch_4_3.html},
  urldate      = {2024-03-12}
}

@misc{OOM,
  title        = {Объектно-ориентированные СУБД [Электронный ресурс]},
  url          = {https://dit.isuct.ru/IVT/BOOKS/DBMS/DBMS14/ch_6_3.html},
  urldate      = {2024-03-12}
}

@misc{postgres,
  title        = {PostgreSQL: Documentation [Электронный ресурс]},
  url          = {https://www.postgresql.org/docs/},
  urldate      = {2024-05-11}
}

@misc{golang,
  title        = {The Go Programming Language [Электронный ресурс]},
  url          = {https://go.dev/},
  urldate      = {2024-05-11}
}

@misc{html,
  title        = {HTML Documentation [Электронный ресурс]},
  url          = {https://html-doc.vercel.app/},
  urldate      = {2024-05-11}
}

@misc{plpgsql,
  title        = {PostgreSQL: Documentation: 16: Chapter 43. PL/pgSQL — SQL Procedural Language [Электронный ресурс]},
  url          = {https://www.postgresql.org/docs/current/plpgsql.html},
  urldate      = {2024-05-11}
}

@misc{docker,
  title        = {Docker: Accelerated Container Application Development [Электронный ресурс]},
  url          = {https://www.docker.com/},
  urldate      = {2024-05-11}
}

@misc{vscode,
  title        = {Visual Studio Code - Code Editing. Redefined [Электронный ресурс]},
  url          = {https://code.visualstudio.com/},
  urldate      = {2024-05-11}
}

@misc{explain,
  title        = {PostgreSQL: Documentation: 16: EXPLAIN [Электронный ресурс]},
  url          = {https://www.postgresql.org/docs/current/sql-explain.html},
  urldate      = {2024-05-11}
}

@misc{popular-subd,
  title        = {Ranking of the most popular database management systems worldwide, as of February 2023 [Электронный ресурс]},
  url          = {https://www.statista.com/statistics/809750/worldwide-popularity-ranking-database-management-systems/},
  urldate      = {2024-05-11}
}

@misc{oracle,
  title        = {Oracle database [Электронный ресурс]},
  url          = {https://www.oracle.com/database/},
  urldate      = {2024-05-11}
}

@misc{mysql,
  title        = {MySQL [Электронный ресурс]},
  url          = {https://www.mysql.com/},
  urldate      = {2024-05-11}
}

@misc{mss,
  title        = {SQL Server 2022 [Электронный ресурс]},
  url          = {https://www.microsoft.com/ru-ru/sql-server/sql-server-2022},
  urldate      = {2024-05-11}
}

@misc{proizv,
  title        = {Oracle, MySQL, PostgreSQL, SQLite, SQL Server: Performance based competitive analysis [Электронный ресурс]},
  url          = {http://dspace.daffodilvarsity.edu.bd:8080/handle/123456789/4437},
  urldate      = {2024-05-11}
}